@article{acemoglu2000,
title={The colonial origins of comparative development: An empirical investigation},
author={Acemoglu, Daron and Johnson, Simon and Robinson, James A},
year={2000},
institution={National bureau of economic research}
}

@book{acemoglu2012,
title={Why nations fail: the origins of power, prosperity and poverty},
author={Acemoglu, Daron and Robinson, James A and Woren, Dan},
volume={4},
year={2012},
publisher={SciELO Chile}
}